<?xml version="1.0" encoding="UTF-8"?><collection xmlns="http://www.loc.gov/MARC21/slim"><record><leader>00447nam--2200133-i-4500</leader><controlfield tag="001">000039874</controlfield><controlfield tag="002">20161230</controlfield><controlfield tag="005">20161230201042</controlfield><controlfield tag="008">060222s1000------------r-----000-0-eng-d</controlfield><datafield ind1=" " ind2=" " tag="080"><subfield code="a">537.32(043)</subfield></datafield><datafield ind1=" " ind2=" " tag="100"><subfield code="a">Routie, Rene</subfield></datafield><datafield ind1=" " ind2=" " tag="245"><subfield code="a">Etude des proprietes thermoelectriques de sulfures metalliques a stoechiometrie controlee par voie electrochimique application a un element de thermopile. these</subfield></datafield><datafield ind1=" " ind2=" " tag="260"><subfield code="a">Toulouse, Univ. 1970, 71p</subfield></datafield><datafield ind1=" " ind2=" " tag="852"><subfield code="a">78178</subfield></datafield></record></collection>